    @website{Statistics How To}
    title = {Statistics How To},
    author = {Multiple Authors},
    url = {https://www.statisticshowto.com/probability-and-statistics/correlation-coefficient-formula/\#Pearson},
    year = {2021},
    note = {Accessed: 2021-09-20}
